<record><leader>00000cas a2200000 a 4500</leader><controlfield tag="001">11606366</controlfield><controlfield tag="008">850122d18131814mduwr ne      0    0eng d</controlfield><datafield ind1=" " ind2=" " tag="010"><subfield code="a">sn 85025233 </subfield></datafield><datafield ind1=" " ind2=" " tag="040"><subfield code="a">NPX</subfield><subfield code="b">eng</subfield><subfield code="c">NPX</subfield><subfield code="d">KNP</subfield><subfield code="d">OCL</subfield><subfield code="d">OCLCG</subfield><subfield code="d">OCLCQ</subfield><subfield code="d">OCLCF</subfield><subfield code="d">OCLCO</subfield></datafield><datafield ind1=" " ind2=" " tag="042"><subfield code="a">msc</subfield></datafield><datafield ind1=" " ind2=" " tag="043"><subfield code="a">n-us-md</subfield></datafield><datafield ind1="0" ind2="0" tag="245"><subfield code="a">National museum, and weekly gazette.</subfield></datafield><datafield ind1="1" ind2="3" tag="246"><subfield code="a">Museum and weekly gazette</subfield></datafield><datafield ind1=" " ind2=" " tag="260"><subfield code="a">Baltimore [Md.] :</subfield><subfield code="b">Camill. M. Mann,</subfield><subfield code="c">1813-1814.</subfield></datafield><datafield ind1=" " ind2=" " tag="300"><subfield code="a">9 nos.</subfield></datafield><datafield ind1=" " ind2=" " tag="310"><subfield code="a">Weekly</subfield></datafield><datafield ind1="0" ind2=" " tag="362"><subfield code="a">Vol. 1, no. 1 (Nov. 13, 1813)-v. 1, no. 9 (Jan. 22, 1814).</subfield></datafield><datafield ind1=" " ind2=" " tag="500"><subfield code="a">Printers: G. Dobbin and Murphy, 1813; Joseph Robinson, 1813.</subfield></datafield><datafield ind1=" " ind2=" " tag="500"><subfield code="a">References: Shaw &amp; Shoemaker 29262; Brigham, C.S. Amer. newspapers, p. 244.</subfield></datafield><datafield ind1=" " ind2=" " tag="515"><subfield code="a">Preceded in Aug. 1813 by an unnumbered prospectus entitled: Museum and weekly gazette.</subfield></datafield><datafield ind1=" " ind2=" " tag="530"><subfield code="a">Available on microfilm in American periodical series, Univ. Microfilms.</subfield></datafield><datafield ind1=" " ind2="0" tag="651"><subfield code="a">Baltimore (Md.)</subfield><subfield code="v">Newspapers.</subfield></datafield><datafield ind1=" " ind2="7" tag="655"><subfield code="a">Newspapers.</subfield><subfield code="2">fast</subfield><subfield code="0">(OCoLC)fst01423814</subfield></datafield><datafield ind1=" " ind2="7" tag="651"><subfield code="a">Maryland</subfield><subfield code="z">Baltimore.</subfield><subfield code="2">fast</subfield><subfield code="0">(OCoLC)fst01204292</subfield></datafield><datafield ind1="1" ind2=" " tag="700"><subfield code="a">Mann, C. M.</subfield></datafield><datafield ind1="1" ind2=" " tag="700"><subfield code="a">Dobbin, George,</subfield><subfield code="d">1774-1811.</subfield></datafield><datafield ind1="1" ind2=" " tag="700"><subfield code="a">Murphy, Thomas,</subfield><subfield code="d">1780-1860.</subfield></datafield><datafield ind1="1" ind2=" " tag="700"><subfield code="a">Robinson, Joseph,</subfield><subfield code="d">1787-1863.</subfield></datafield><datafield ind1=" " ind2=" " tag="752"><subfield code="a">United States</subfield><subfield code="b">Maryland</subfield><subfield code="d">Baltimore.</subfield></datafield><datafield ind1="0" ind2="0" tag="785"><subfield code="t">National museum, and weekly gazette of discoveries, natural sciences, and the arts</subfield></datafield></record>